@article{iafrati2016experimental,
  title={Experimental investigation of the water entry of a rectangular plate at high horizontal velocity},
  author={Iafrati, A},
  journal={Journal of Fluid Mechanics},
  volume={799},
  pages={637--672},
  year={2016},
  publisher={Cambridge University Press}
}

@article{oger2016sph,
  title={SPH accuracy improvement through the combination of a quasi-Lagrangian shifting transport velocity and consistent ALE formalisms},
  author={Oger, G and Marrone, Salvatore and Le Touz{\'e}, David and De Leffe, Matthieu},
  journal={Journal of Computational Physics},
  volume={313},
  pages={76--98},
  year={2016},
  publisher={Elsevier}
}

