@article{vila1999particle,
  title={On particle weighted methods and smooth particle hydrodynamics},
  author={Vila, JP},
  journal={Mathematical models and methods in applied sciences},
  volume={9},
  number={02},
  pages={161--209},
  year={1999},
  publisher={World Scientific}
}

@article{marongiu2010free,
  title={Free surface flows simulations in Pelton turbines using an hybrid SPH-ALE method},
  author={Marongiu, Jean-Christophe and Leboeuf, Francis and Caro, Jo{\"E}lle and Parkinson, Etienne},
  journal={Journal of Hydraulic Research},
  volume={48},
  number={S1},
  pages={40--49},
  year={2010},
  publisher={Taylor \& Francis}
}

@inproceedings{renaut2015high,
  title={High-order and adaptive procedures for SPH-ALE  simulations  based on Moving Least Squares method},
  author={Renaut, GA and Marongiu, JC and Aubert, S},
  booktitle={Proceedings 10th International SPHERIC Workshob},
  year={2015}
}

@inproceedings{neuhauser2014coupling,
  title={Coupling of a SPH-ALE and a Finite Volume Method-Extension to 2D and 3D},
  author={Neuhauser, M and Marongiu, JC},
  booktitle={9th international SPHERIC workshop, Paris, France},
  year={2014}
}


