@article{lind2012incompressible,
  title={Incompressible smoothed particle hydrodynamics for free-surface flows: A generalised diffusion-based algorithm for stability and validations for impulsive flows and propagating waves},
  author={Lind, SJ and Xu, Rui and Stansby, PK and Rogers, Benedict D},
  journal={Journal of Computational Physics},
  volume={231},
  number={4},
  pages={1499--1523},
  year={2012},
  publisher={Elsevier}
}

@article{gotoh2016current,
  title={Current achievements and future perspectives for projection-based particle methods with applications in ocean engineering},
  author={Gotoh, Hitoshi and Khayyer, Abbas},
  journal={Journal of Ocean Engineering and Marine Energy},
  volume={2},
  number={3},
  pages={251--278},
  year={2016},
  publisher={Springer}
}

@article{dominguez2013optimization,
  title={Optimization strategies for CPU and GPU implementations of a smoothed particle hydrodynamics method},
  author={Dom{\'\i}nguez, Jose M and Crespo, Alejandro JC and G{\'o}mez-Gesteira, Moncho},
  journal={Computer Physics Communications},
  volume={184},
  number={3},
  pages={617--627},
  year={2013},
  publisher={Elsevier}
}

