@article{lastiwka2005adaptive,
  title={Adaptive particle distribution for smoothed particle hydrodynamics},
  author={Lastiwka, Martin and Quinlan, Nathan and Basa, Mihai},
  journal={International Journal for Numerical Methods in Fluids},
  volume={47},
  number={10-11},
  pages={1403--1409},
  year={2005},
  publisher={Wiley Online Library}
}

@article{barcarolo2014adaptive,
  title={Adaptive particle refinement and derefinement applied to the smoothed particle hydrodynamics method},
  author={Barcarolo, Daniel A and Le Touz{\'e}, David and Oger, Guillaume and De Vuyst, Florian},
  journal={Journal of Computational Physics},
  volume={273},
  pages={640--657},
  year={2014},
  publisher={Elsevier}
}

@article{lopez2013dynamic,
  title={Dynamic particle refinement in SPH: application to free surface flow and non-cohesive soil simulations},
  author={L{\'o}pez, Yaidel Reyes and Roose, Dirk and Morfa, Carlos Recarey},
  journal={Computational Mechanics},
  volume={51},
  number={5},
  pages={731--741},
  year={2013},
  publisher={Springer}
}

@article{jahanbakhsh2016development,
  title={Development of a finite volume particle method for 3-D fluid flow simulations},
  author={Jahanbakhsh, Ebrahim and Vessaz, Christian and Maertens, Audrey and Avellan, Fran{\c{c}}ois},
  journal={Computer Methods in Applied Mechanics and Engineering},
  volume={298},
  pages={80--107},
  year={2016},
  publisher={Elsevier}
}

