@article{nestor2009extension,
  title={Extension of the finite volume particle method to viscous flow},
  author={Nestor, Ruairi M and Basa, Mihai and Lastiwka, Martin and Quinlan, Nathan J},
  journal={Journal of Computational Physics},
  volume={228},
  number={5},
  pages={1733--1749},
  year={2009},
  publisher={Elsevier}
}

