@article{mossa2003tailwater,
  title={Tailwater level effects on flow conditions at an abrupt drop},
  author={Mossa, Michele and Petrillo, Antonio and Chanson, Hubert},
  journal={Journal of Hydraulic Research},
  volume={41},
  number={1},
  pages={39--51},
  year={2003},
  publisher={Taylor \& Francis Group}
}

@article{de2016sph,
  title={SPH numerical investigation of the velocity field and vorticity generation within a hydrofoil-induced spilling breaker},
  author={De Padova, Diana and Mossa, Michele and Sibilla, Stefano},
  journal={Environmental Fluid Mechanics},
  volume={16},
  number={1},
  pages={267--287},
  year={2016},
  publisher={Springer}
}

