@article{qiang2009numerical,
  title={Numerical simulation of high explosive detonation process using SPH method with fully variable smoothing lengths},
  author={QIANG, Hong-fu and WANG, Kun-peng and GAO, Wei-ran},
  journal={Chinese Journal of Energetic Materials},
  volume={1},
  pages={012},
  year={2009}
}

