@article{shao2012improved,
  title={An improved SPH method for modeling liquid sloshing dynamics},
  author={Shao, JR and Li, HQ and Liu, GR and Liu, MB},
  journal={Computers \& Structures},
  volume={100},
  pages={18--26},
  year={2012},
  publisher={Elsevier}
}

@article{crespo2011gpus,
  title={GPUs, a new tool of acceleration in CFD: efficiency and reliability on smoothed particle hydrodynamics methods},
  author={Crespo, Alejandro C and Dominguez, Jose M and Barreiro, Anxo and G{\'o}mez-Gesteira, Moncho and Rogers, Benedict D},
  journal={PloS one},
  volume={6},
  number={6},
  pages={e20685},
  year={2011},
  publisher={Public Library of Science}
}

