@inproceedings{zhang2016mps,
  title={MPS-FEM Coupled Method for Interaction between Sloshing Flow and Elastic Structure in Rolling Tanks},
  author={Zhang, YL and Tang, ZY and Wan, DC},
  booktitle={Proceedings of the 7th International Conference on Computational Methods},
  pages={1--4},
  year={2016}
}

