@article{khayyer2017enhancement,
  title={On enhancement of energy conservation properties of projection-based particle methods},
  author={Khayyer, Abbas and Gotoh, Hitoshi and Shimizu, Yuma and Gotoh, Kohji},
  journal={European Journal of Mechanics-B/Fluids},
  year={2017},
  publisher={Elsevier}
}

@article{oger2009simulations,
  title={Simulations of hydro-elastic impacts using a parallel SPH model},
  author={Oger, Guillaume and Guilcher, P.M and Jacquin, E and Brosset, L and Deuff, J.B and Le Touz{\'e}, David},
  journal={International Journal of Offshore and Polar Engineering},
  year={2010},
  volume={30(3)},
  pages={181--189},
}

@phdthesis{allen2013mechanics,
  title={Mechanics of flexible composite hull panels subjected to water impacts},
  author={Allen, Thomas},
  year={2013},
  school={University of Auckland}
}

@article{stenius2013experimental,
  title={Experimental hydroelastic characterization of slamming loaded marine panels},
  author={Stenius, Ivan and Ros{\'e}n, Anders and Battley, M and Allen, T},
  journal={Ocean Engineering},
  volume={74},
  pages={1--15},
  year={2013},
  publisher={Elsevier}
}

