@article{zhang2015sharp,
  title={A sharp interface method for SPH},
  author={Zhang, Mingyu and Deng, Xiao-Long},
  journal={Journal of Computational Physics},
  volume={302},
  pages={469--484},
  year={2015},
  publisher={Elsevier}
}

