@article{crespo2015dualsphysics,
  title={DualSPHysics: Open-source parallel CFD solver based on Smoothed Particle Hydrodynamics (SPH)},
  author={Crespo, Alejandro JC and Dom{\'\i}nguez, Jos{\'e} M and Rogers, Benedict D and G{\'o}mez-Gesteira, Moncho and Longshaw, S and Canelas, R and Vacondio, Renato and Barreiro, A and Garc{\'\i}a-Feal, O},
  journal={Computer Physics Communications},
  volume={187},
  pages={204--216},
  year={2015},
  publisher={Elsevier}
}

@article{altomare2017long,
  title={Long-crested wave generation and absorption for SPH-based DualSPHysics model},
  author={Altomare, C and Dom{\'\i}nguez, JM and Crespo, AJC and Gonz{\'a}lez-Cao, J and Suzuki, T and G{\'o}mez-Gesteira, M and Troch, P},
  journal={Coastal Engineering},
  volume={127},
  pages={37--54},
  year={2017},
  publisher={Elsevier}
}

@article{altomare2014numerical,
  title={Numerical modelling of armour block sea breakwater with smoothed particle hydrodynamics},
  author={Altomare, Corrado and Crespo, Alejandro JC and Rogers, BD and Dom{\'\i}nguez, JM and Gironella, X and G{\'o}mez-Gesteira, M},
  journal={Computers \& Structures},
  volume={130},
  pages={34--45},
  year={2014},
  publisher={Elsevier}
}

