@article{rustico2014advances,
  title={Advances in multi-GPU smoothed particle hydrodynamics simulations},
  author={Rustico, Eugenio and Bilotta, Giuseppe and Herault, Alexis and Del Negro, Ciro and Gallo, Giovanni},
  journal={IEEE Transactions on Parallel and Distributed Systems},
  volume={25},
  number={1},
  pages={43--52},
  year={2014},
  publisher={IEEE}
}

