@article{nni2016numerical,
  title={Numerical simulation of coalescence process of single film bubbles using MPS method},
  author={Ni, Ni and SUN, Zhong-guo and Chen, Xiao and Xi, Guang},
  journal={Conference of Chinese engineering thermal physics, Wuxi (China)},
  volume={7},
  pages={22--25},
  year={2016}
}



@article{chen2012improvement,
  title={Improvement of surface tension model and numerical investigation on droplet wetting effect [J]},
  author={Chen, Xiao and SUN, Zhong-guo and Xi, Guang},
  journal={Journal of Xi'an Jiaotong University},
  volume={7},
  pages={022},
  year={2012},
  publisher={China National Publishing Industry Trading Corporation, No. 504 Anhuali Beijing China}
}

