@article{antuono2011propagation,
  title={Propagation of gravity waves through an SPH scheme with numerical diffusive terms},
  author={Antuono, Matteo and Colagrossi, Andrea and Marrone, Salvatore and Lugni, C},
  journal={Computer Physics Communications},
  volume={182},
  number={4},
  pages={866--877},
  year={2011},
  publisher={Elsevier}
}

