@article{liu2012treatment,
  title={On the treatment of solid boundary in smoothed particle hydrodynamics},
  author={Liu, MouBin and Shao, JiaRu and Chang, JianZhong},
  journal={Science China Technological Sciences},
  volume={55},
  number={1},
  pages={244--254},
  year={2012},
  publisher={Springer}
}

@article{monaghan2009sph,
  title={SPH particle boundary forces for arbitrary boundaries},
  author={Monaghan, Joe J and Kajtar, Jules B},
  journal={Computer Physics Communications},
  volume={180},
  number={10},
  pages={1811--1820},
  year={2009},
  publisher={Elsevier}
}

@article{lastiwka2005adaptive,
  title={Adaptive particle distribution for smoothed particle hydrodynamics},
  author={Lastiwka, Martin and Quinlan, Nathan and Basa, Mihai},
  journal={International Journal for Numerical Methods in Fluids},
  volume={47},
  number={10-11},
  pages={1403--1409},
  year={2005},
  publisher={Wiley Online Library}
}

@article{feldman2007dynamic,
  title={Dynamic refinement and boundary contact forces in SPH with applications in fluid flow problems},
  author={Feldman, J and Bonet, J},
  journal={International Journal for Numerical Methods in Engineering},
  volume={72},
  number={3},
  pages={295--324},
  year={2007},
  publisher={Wiley Online Library}
}

