@book{smit2013root,
  title={Root methods: a handbook},
  author={Smit, Albert L and Bengough, A Glyn and Engels, Christof and van Noordwijk, M and Pellerin, Sylvain and van de Geijn, SC},
  year={2013},
  publisher={Springer Science \& Business Media}
}

@article{smith2006plausible,
  title={A plausible model of phyllotaxis},
  author={Smith, Richard S and Guyomarc'h, Soazig and Mandel, Therese and Reinhardt, Didier and Kuhlemeier, Cris and Prusinkiewicz, Przemyslaw},
  journal={Proceedings of the National Academy of Sciences},
  volume={103},
  number={5},
  pages={1301--1306},
  year={2006},
  publisher={National Acad Sciences}
}

