@misc{mitchellesdu,
  title={ESDU Data item 83042 estimation of spray patterns generated from the side of aircraft tyres running in water or slush},
  author={Mitchell, DJ},
  publisher={1998}
}

