@article{gomez2012sphysics,
  title={SPHysics--development of a free-surface fluid solver--Part 1: Theory and formulations},
  author={Gomez-Gesteira, Moncho and Rogers, Benedict D and Crespo, Alejandro JC and Dalrymple, Robert A and Narayanaswamy, Muthukumar and Dominguez, Jos{\'e} M},
  journal={Computers \& Geosciences},
  volume={48},
  pages={289--299},
  year={2012},
  publisher={Elsevier}
}

@article{shi2017development,
  title={Development of a two-phase SPH model for sediment laden flows},
  author={Shi, Huabin and Yu, Xiping and Dalrymple, Robert A},
  journal={Computer Physics Communications},
  year={2017},
  publisher={Elsevier}
}

