@article{canelas2015smooth,
  title={A Smooth Particle Hydrodynamics discretization for the modelling of free surface flows and rigid body dynamics},
  author={Canelas, Ricardo B and Dom{\'\i}nguez, Jose M and Crespo, Alejandro JC and G{\'o}mez-Gesteira, Moncho and Ferreira, Rui ML},
  journal={International Journal for Numerical Methods in Fluids},
  volume={78},
  number={9},
  pages={581--593},
  year={2015},
  publisher={Wiley Online Library}
}

