@article{bui2008lagrangian,
  title={Lagrangian meshfree particles method (SPH) for large deformation and failure flows of geomaterial using elastic--plastic soil constitutive model},
  author={Bui, Ha H and Fukagawa, Ryoichi and Sako, Kazunari and Ohno, Shintaro},
  journal={International Journal for Numerical and Analytical Methods in Geomechanics},
  volume={32},
  number={12},
  pages={1537--1570},
  year={2008},
  publisher={Wiley Online Library}
}

@article{jutzi2011mega,
  title={Mega-ejecta on asteroid Vesta},
  author={Jutzi, Martin and Asphaug, Erik},
  journal={Geophysical Research Letters},
  volume={38},
  number={1},
  year={2011},
  publisher={Wiley Online Library}
}

