@phdthesis{bai2012modeling,
  title={Modeling piston skirt lubrication in internal combustion engines},
  author={Bai, Dongfang and others},
  year={2012},
  school={Massachusetts Institute of Technology}
}

@book{liu2003smoothed,
  title={Smoothed particle hydrodynamics: a meshfree particle method},
  author={Liu, Gui-Rong and Liu, Moubin B},
  year={2003},
  publisher={World Scientific}
}

