@article{chen2017coupled,
  title={A coupled SDPH--FVM method for gas-particle multiphase flow: Methodology},
  author={Chen, Fuzhen and Qiang, Hongfu and Zhang, Han and Gao, Weiran},
  journal={International Journal for Numerical Methods in Engineering},
  volume={109},
  number={1},
  pages={73--101},
  year={2017},
  publisher={Wiley Online Library}
}

@article{chen2015coupling,
  title={Coupling of smoothed particle hydrodynamics and finite volume method for two-dimensional spouted beds},
  author={Chen, Fuzhen and Qiang, Hongfu and Gao, Weiran},
  journal={Computers \& Chemical Engineering},
  volume={77},
  pages={135--146},
  year={2015},
  publisher={Elsevier}
}

