@article{hu2015new,
  title={A new boundary treatment method in smoothed particle hydrodynamics},
  author={Hu, Liu and Hong-Fu, Qiang and Fu-Zhen, Chen and Ya-Wei, Han and Shu-Jia, Fan},
  journal={ACTA PHYSICA SINICA},
  volume={64},
  number={9},
  year={2015},
  publisher={CHINESE PHYSICAL SOC PO BOX 603, BEIJING 100080, PEOPLES R CHINA}
}

