@article{liu2003meshfree,
  title={Meshfree particle simulation of the detonation process for high explosives in shaped charge unlined cavity configurations},
  author={Liu, MB and Liu, GR and Lam, KY and Zong, Z},
  journal={Shock Waves},
  volume={12},
  number={6},
  pages={509--520},
  year={2003},
  publisher={Springer}
}

@article{libersky1993high,
  title={High strain Lagrangian hydrodynamics: a three-dimensional SPH code for dynamic material response},
  author={Libersky, Larry D and Petschek, Albert G and Carney, Theodore C and Hipp, Jim R and Allahdadi, Firooz A},
  journal={Journal of computational physics},
  volume={109},
  number={1},
  pages={67--75},
  year={1993},
  publisher={Elsevier}
}

