@inproceedings{zhao1996water,
  title={Water entry of arbitrary two-dimensional sections with and without flow separation},
  author={Zhao, R and Faltinsen, O and Aarsnes, J},
  booktitle={Proceedings of the 21st symposium on naval hydrodynamics},
  pages={408--423},
  year={1996},
  organization={Trondheim, Norway, National Academy Press, Washington, DC, USA}
}

@article{liu2010smoothed,
  title={Smoothed particle hydrodynamics (SPH): an overview and recent developments},
  author={Liu, MB and Liu, GR},
  journal={Archives of computational methods in engineering},
  volume={17},
  number={1},
  pages={25--76},
  year={2010},
  publisher={Springer}
}

