@article{douillet2016mixed,
  title={Mixed-mode fracture modeling with smoothed particle hydrodynamics},
  author={Douillet-Grellier, Thomas and Jones, Bruce D and Pramanik, Ranjan and Pan, Kai and Albaiz, Abdulaziz and Williams, John R},
  journal={Computers and Geotechnics},
  volume={79},
  pages={73--85},
  year={2016},
  publisher={Elsevier}
}

