@article{sun2017deltaplus,
  title={The $\delta$plus-SPH model: simple procedures for a further improvement of the SPH scheme},
  author={Sun, PN and Colagrossi, A and Marrone, S and Zhang, AM},
  journal={Computer Methods in Applied Mechanics and Engineering},
  volume={315},
  pages={25--49},
  year={2017},
  publisher={Elsevier}
}

@article{oger2016sph,
  title={SPH accuracy improvement through the combination of a quasi-Lagrangian shifting transport velocity and consistent ALE formalisms},
  author={Oger, G and Marrone, Salvatore and Le Touz{\'e}, David and De Leffe, Matthieu},
  journal={Journal of Computational Physics},
  volume={313},
  pages={76--98},
  year={2016},
  publisher={Elsevier}
}

