@article{Zhang2017,
  title={{CSPH} for simulating failure progress of ice, Proceeding of ISOPE},
  author={Xing, ZHENG and Ningbo, ZHANG and Qingwei, MA},
  journal={Proceeding of ISOPE, San Francisco (USA)},
  pages={25--29},
  year={2017}
}

