@article{glasheen1996hydrodynamic,
  title={A hydrodynamic model of locomotion in the basilisk lizard},
  author={Glasheen, JW and McMahon, TA},
  journal={Nature},
  volume={380},
  number={6572},
  pages={340},
  year={1996},
  publisher={Nature Publishing Group}
}

@article{lee2013wake,
  title={Wake and thrust of an angularly reciprocating plate},
  author={Lee, Jeongsu and Park, Yong-Jai and Jeong, Useok and Cho, Kyu-Jin and Kim, Ho-Young},
  journal={Journal of Fluid Mechanics},
  volume={720},
  pages={545--557},
  year={2013},
  publisher={Cambridge University Press}
}

