@article{antuono2015energy,
  title={Energy balance in the $\delta$-SPH scheme},
  author={Antuono, Matteo and Marrone, S and Colagrossi, A and Bouscasse, B},
  journal={Computer Methods in Applied Mechanics and Engineering},
  volume={289},
  pages={209--226},
  year={2015},
  publisher={Elsevier}
}

@article{cercos2017sph,
  title={SPH energy conservation for fluid--solid interactions},
  author={Cercos-Pita, JL and Antuono, M and Colagrossi, A and Souto-Iglesias, A},
  journal={Computer Methods in Applied Mechanics and Engineering},
  volume={317},
  pages={771--791},
  year={2017},
  publisher={Elsevier}
}

