@article{shi2012measurement,
  title={Measurement and simulation of sand saltation movement under fluctuating wind in a natural field environment},
  author={Shi, Feng and Huang, Ning},
  journal={Physica A: Statistical Mechanics and its Applications},
  volume={391},
  number={3},
  pages={474--484},
  year={2012},
  publisher={Elsevier}
}

