@article{antoci2007numerical,
  title={Numerical simulation of fluid--structure interaction by SPH},
  author={Antoci, Carla and Gallati, Mario and Sibilla, Stefano},
  journal={Computers \& Structures},
  volume={85},
  number={11},
  pages={879--890},
  year={2007},
  publisher={Elsevier}
}

@article{rafiee2009sph,
  title={An SPH projection method for simulating fluid-hypoelastic structure interaction},
  author={Rafiee, Ashkan and Thiagarajan, Krish P},
  journal={Computer Methods in Applied Mechanics and Engineering},
  volume={198},
  number={33},
  pages={2785--2795},
  year={2009},
  publisher={Elsevier}
}

@article{shen2015numerical,
  title={Numerical simulation of free surface flow impacting elastic structure with SPH uniform method},
  author={Shen, YM and He, K and Chen, JQ and Yuan, XX},
  journal={Zhendong yu Chongji/Journal of Vibration and Shock},
  volume={34},
  number={16},
  pages={60--65},
  year={2015}
}

