@article{zheng2017modelling,
  title={Modelling of Violent Water Wave Propagation and Impact by Incompressible SPH with First-Order Consistent Kernel Interpolation Scheme},
  author={Zheng, Xing and Ma, Qingwei and Shao, Songdong and Khayyer, Abbas},
  journal={Water},
  volume={9},
  number={6},
  pages={400},
  year={2017},
  publisher={Multidisciplinary Digital Publishing Institute}
}

