@article{hou2016meshless,
  title={Meshless particle methods for solving the water hammer equations},
  author={Hou, QZ and Huang, CY and Wei, JU and Zhou, L and Duan, HF},
  journal={The Second Conference of Global Chinese Scholars on Hydrodynamics (CCSH'2016) Wuxi, Jiangsu, China},
  year={2016},
  publisher={China Ocean Press}
}

@inproceedings{hou2012simulating,
  title={Simulating transient pipe flow with corrective smoothed particle method},
  author={Hou, Q and Kruisbrink, ACH and Tijsseling, AS and Keramat, A},
  booktitle={Proceedings of 11th International Conference on Pressure Surges, BHR Group, Lisbon, Portugal},
  pages={171--188},
  year={2012}
}

