@article{ha2007lagrangian,
  title={Lagrangian Mesh-free Particle Method (SPH) for Large Deformation and Postfailure of Geomaterial using Elastic-plastic Soil Constitutive Model},
  author={Ha, Bui H and Fukagawa, R and Sako, K and Ohno, S},
  journal={International Journal for Numerical and Analytical Methods in Geomechanics},
  year={2007}
}

