@article{chen1999corrective,
  title={A corrective smoothed particle method for boundary value problems in heat conduction},
  author={Chen, JK and Beraun, JE and Carney, TC},
  journal={International Journal for Numerical Methods in Engineering},
  volume={46},
  number={2},
  pages={231--252},
  year={1999},
  publisher={Wiley Online Library}
}

@article{chen2001corrective,
  title={A corrective smoothed particle method for transient elastoplastic dynamics},
  author={Chen, JK and Beraun, JE and Jih, CJ},
  journal={Computational Mechanics},
  volume={27},
  number={3},
  pages={177--187},
  year={2001},
  publisher={Springer}
}

@article{fang2009improved,
  title={Improved SPH methods for simulating free surface flows of viscous fluids},
  author={Fang, Jiannong and Parriaux, Aur{\`e}le and Rentschler, Martin and Ancey, Christophe},
  journal={Applied Numerical Mathematics},
  volume={59},
  number={2},
  pages={251--271},
  year={2009},
  publisher={Elsevier}
}

@article{liu2005modeling,
  title={Modeling incompressible flows using a finite particle method},
  author={Liu, MB and Xie, WP and Liu, GR},
  journal={Applied mathematical modelling},
  volume={29},
  number={12},
  pages={1252--1270},
  year={2005},
  publisher={Elsevier}
}

@book{liu2003smoothed,
  title={Smoothed particle hydrodynamics: a meshfree particle method},
  author={Liu, Gui-Rong and Liu, Moubin B},
  chapter={5},
  year={2003},
  publisher={World Scientific}
}

