@article{parker1983comparison,
  title={Comparison of interpolating methods for image resampling},
  author={Parker, J Anthony and Kenyon, Robert V and Troxel, Donald E},
  journal={IEEE Transactions on medical imaging},
  volume={2},
  number={1},
  pages={31--39},
  year={1983},
  publisher={IEEE}
}

@article{carey1999regularity,
  title={Regularity-preserving image interpolation},
  author={Carey, W Knox and Chuang, Daniel B and Hemami, Sheila S},
  journal={IEEE transactions on image processing},
  volume={8},
  number={9},
  pages={1293--1297},
  year={1999},
  publisher={IEEE}
}

