@book{liu2003smoothed,
  title={Smoothed particle hydrodynamics: a meshfree particle method},
  author={Liu, Gui-Rong and Liu, Moubin B},
  year={2003},
  publisher={World Scientific}
}

@book{violeau2012fluid,
  title={Fluid mechanics and the SPH method: theory and applications},
  author={Violeau, Damien},
  year={2012},
  publisher={Oxford University Press}
}

