@article{umeyama2010coupled,
  title={Coupled PIV and PTV measurements of particle velocities and trajectories for surface waves following a steady current},
  author={Umeyama, Motohiko},
  journal={Journal of Waterway, Port, Coastal, and Ocean Engineering},
  volume={137},
  number={2},
  pages={85--94},
  year={2010},
  publisher={American Society of Civil Engineers}
}


