@article{do2015effects,
  title={Effects of non-vertical linear motions of a hemispherical-float wave energy converter},
  author={Do, Hoang-Thinh and Dinh, Quang-Truong and Nguyen, Minh-Tri and Phan, Cong-Binh and Dang, Tri-Dung and Lee, Seyoung and Park, Hyung-Gyu and Ahn, Kyoung-Kwan},
  journal={Ocean Engineering},
  volume={109},
  pages={430--438},
  year={2015},
  publisher={Elsevier}
}

@article{han2013new,
  title={A new repulsive model for solid boundary condition in smoothed particle hydrodynamics},
  author={Han, Ya-Wei and Qiang, Hong-Fu and Zhao, Jiu-Ling and Gao, Wei-Ran},
  journal={Acta Physica Sinica},
  volume={62},
  pages={221-229},
  year={2013}
}

@article{hansen2013discrete,
  title={Discrete displacement hydraulic power take-off system for the wavestar wave energy converter},
  author={Hansen, Rico H and Kramer, Morten M and Vidal, Enrique},
  journal={Energies},
  volume={6},
  number={8},
  pages={4001--4044},
  year={2013},
  publisher={Multidisciplinary Digital Publishing Institute}
}

@article{liu2010smoothed,
  title={Smoothed particle hydrodynamics (SPH): an overview and recent developments},
  author={Liu, MB and Liu, GR},
  journal={Archives of computational methods in engineering},
  volume={17},
  number={1},
  pages={25--76},
  year={2010},
  publisher={Springer}
}

@article{monaghan2005smoothed,
  title={Smoothed particle hydrodynamics},
  author={Monaghan, Joe J},
  journal={Reports on progress in physics},
  volume={68},
  number={8},
  pages={1703},
  year={2005},
  publisher={IOP Publishing}
}


@article{marrone2011delta,
  title={$\delta$-SPH model for simulating violent impact flows},
  author={Marrone, Salvatore and Antuono, M and Colagrossi, A and Colicchio, G and Le Touz{\'e}, D and Graziani, G},
  journal={Computer Methods in Applied Mechanics and Engineering},
  volume={200},
  number={13},
  pages={1526--1542},
  year={2011},
  publisher={Elsevier}
}

@article{zurkinden2014non,
  title={Non-linear numerical modeling and experimental testing of a point absorber wave energy converter},
  author={Zurkinden, Andrew Stephen and Ferri, Francesco and Beatty, S and Kofoed, Jens Peter and Kramer, MM},
  journal={Ocean Engineering},
  volume={78},
  pages={11--21},
  year={2014},
  publisher={Elsevier}
}

