@article{gingold1982kernel,
  title={Kernel estimates as a basis for general particle methods in hydrodynamics},
  author={Gingold, RA and Monaghan, JJ},
  journal={Journal of Computational Physics},
  volume={46},
  number={3},
  pages={429--453},
  year={1982},
  publisher={Elsevier}
}

@article{sigalotti2006shock,
  title={A shock-capturing SPH scheme based on adaptive kernel estimation},
  author={Sigalotti, Leonardo Di G and L{\'o}pez, Hender and Donoso, Arnaldo and Sira, Eloy and Klapp, Jaime},
  journal={Journal of Computational Physics},
  volume={212},
  number={1},
  pages={124--149},
  year={2006},
  publisher={Elsevier}
}

