@article{mousavi2005numerical,
  title={Numerical and experimental studies of the mechanism of the wavy interface formations in explosive/impact welding},
  author={Mousavi, AA Akbari and Al-Hassani, STS},
  journal={Journal of the Mechanics and Physics of Solids},
  volume={53},
  number={11},
  pages={2501--2528},
  year={2005},
  publisher={Elsevier}
}

@article{liu2010smoothed,
  title={Smoothed particle hydrodynamics (SPH): an overview and recent developments},
  author={Liu, MB and Liu, GR},
  journal={Archives of computational methods in engineering},
  volume={17},
  number={1},
  pages={25--76},
  year={2010},
  publisher={Springer}
}

@article{liu2017density,
  title={A density-adaptive SPH method with kernel gradient correction for modeling explosive welding},
  author={Liu, MB and Zhang, ZL and Feng, DL},
  journal={Computational Mechanics},
  pages={1--17},
  year={2017},
  publisher={Springer}
}

