@article{molladavoodi2011damage,
  title={A damage-based numerical analysis of brittle rocks failure mechanism},
  author={Molladavoodi, H and Mortazavi, A},
  journal={Finite Elements in Analysis and Design},
  volume={47},
  number={9},
  pages={991--1003},
  year={2011},
  publisher={Elsevier}
}


@article{cundall1979discrete,
  title={A discrete numerical model for granular assemblies},
  author={Cundall, Peter A and Strack, Otto DL},
  journal={geotechnique},
  volume={29},
  number={1},
  pages={47--65},
  year={1979}
}

