@article{adami2013transport,
  title={A transport-velocity formulation for smoothed particle hydrodynamics},
  author={Adami, S and Hu, XY and Adams, Nikolaus A},
  journal={Journal of Computational Physics},
  volume={241},
  pages={292--307},
  year={2013},
  publisher={Elsevier}
}

@article{vignjevic2006sph,
  title={SPH in a total Lagrangian formalism},
  author={Vignjevic, Rade and Reveles, Juan R and Campbell, James},
  journal={CMC-TECH SCIENCE PRESS-},
  volume={4},
  number={3},
  pages={181},
  year={2006},
  publisher={TECH SCIENCE PRESS}
}

@article{bonet2002simplified,
  title={A simplified approach to enhance the performance of smooth particle hydrodynamics methods},
  author={Bonet, Javier and Kulasegaram, Sivakumar},
  journal={Applied Mathematics and Computation},
  volume={126},
  number={2},
  pages={133--155},
  year={2002},
  publisher={Elsevier}
}

@book{bungartz2006fluid,
  title={Fluid-structure interaction: modelling, simulation, optimisation},
  author={Bungartz, Hans-Joachim and Sch{\"a}fer, Michael},
  volume={53},
  year={2006},
  publisher={Springer Science \& Business Media}
}

