@article{crespo2015dualsphysics,
  title={DualSPHysics: Open-source parallel CFD solver based on Smoothed Particle Hydrodynamics (SPH)},
  author={Crespo, Alejandro JC and Dom{\'\i}nguez, Jos{\'e} M and Rogers, Benedict D and G{\'o}mez-Gesteira, Moncho and Longshaw, S and Canelas, R and Vacondio, Renato and Barreiro, A and Garc{\'\i}a-Feal, O},
  journal={Computer Physics Communications},
  volume={187},
  pages={204--216},
  year={2015},
  publisher={Elsevier}
}

@article{blade2014iber,
  title={Iber: herramienta de simulaci{\'o}n num{\'e}rica del flujo en r{\'\i}os},
  author={Blad{\'e}, E and Cea, L and Corestein, G and Escolano, E and Puertas, J and V{\'a}zquez-Cend{\'o}n, E and Dolz, J and Coll, A},
  journal={Revista Internacional de M{\'e}todos Num{\'e}ricos para C{\'a}lculo y Dise{\~n}o en Ingenier{\'\i}a},
  volume={30},
  number={1},
  pages={1--10},
  year={2014},
  publisher={Elsevier}
}

