@article{moita2007drop,
  title={Drop impacts onto cold and heated rigid surfaces: morphological comparisons, disintegration limits and secondary atomization},
  author={Moita, AS and Moreira, ALN},
  journal={International Journal of Heat and Fluid Flow},
  volume={28},
  number={4},
  pages={735--752},
  year={2007},
  publisher={Elsevier}
}

@article{yang2017simulation,
  title={Simulation of liquid drop impact on dry and wet surfaces using SPH method},
  author={Yang, Xiufeng and Dai, Lu and Kong, Song-Charng},
  journal={Proceedings of the Combustion Institute},
  volume={36},
  number={2},
  pages={2393--2399},
  year={2017},
  publisher={Elsevier}
}

@article{quere2013leidenfrost,
  title={Leidenfrost dynamics},
  author={Qu{\'e}r{\'e}, David},
  journal={Annual Review of Fluid Mechanics},
  volume={45},
  pages={197--215},
  year={2013},
  publisher={Annual Reviews}
}

